% This file was created with JabRef 2.9.2.
% Encoding: Cp1252

@ARTICLE{AruobaVillaverdeRamirez:2006,
  author = {S. Bora\u{g}an Aruoba and Jes\'{u}s Fern\'{a}ndez-Villaverde and
	Juan F. Rubio-Ram\'{i}rez},
  title = {Comparing Solution Methods for Dynamic Equilibrium Economies},
  journal = {Journal of Economic Dynamics and Control},
  year = {2006},
  volume = {30},
  pages = {2477-2508},
  number = {12},
  month = {December}
}

@BOOK{AuerbachKotlikoff:1987,
  title = {Dynamic Fiscal Policy},
  publisher = {Cambridge University Press},
  year = {1987},
  author = {Alan J. Auerbach and Lawrence J. Kotlikoff}
}

@ARTICLE{BenhabibDay:1982,
  author = {Jess Benhabib and Richard H. Day},
  title = {A Characterization of Erratic Dynamics in the Overlapping Generations
	Model},
  journal = {Journal of Economic Dynamics and Control},
  year = {1982},
  volume = {4},
  pages = {37-55},
  month = {November}
}

@TECHREPORT{Census:2014,
  AUTHOR = {{Census Bureau}},
  TITLE = {Annual Estimates of the Resident Population for Selected Age Groups by Sex for the United States, States, Counties, and Puerto Rico Commonwealth and Municipios: April 1, 2010 to July 1, 2013},
  INSTITUTION = {U.S. Census Bureau, Population Division},
  YEAR = {2014},
  month = {June}
}

@ARTICLE{Chatterjee:1994,
  author = {Satyajit Chatterjee},
  title = {Transitional Dynamics and the Distribution of Wealth in a Neoclassical
	Growth Model},
  journal = {Journal of Public Economics},
  year = {1994},
  volume = {54},
  pages = {97-119},
  number = {1},
  month = {May}
}

@ARTICLE{ChenLiLin:2008,
  author = {{Hung-Ju} Chen and {Ming-Chia} Li and {Yung-Ju} Lin},
  title = {Chaotic Dynamics in an Overlapping Generations Model with Myopic
	and Adaptive Expectations},
  journal = {Journal of Economic Behavior and Organization},
  year = {2008},
  volume = {67},
  pages = {48-56},
  number = {1},
  month = {July}
}

@ARTICLE{Christiano:2002,
  author = {Lawrence J. Christiano},
  title = {Solving Dynamic General Equilibrium Models by a Method of Undetermined
	Coefficients},
  journal = {Computational Economics},
  year = {2002},
  volume = {20},
  pages = {21-55},
  number = {1-2},
  month = {October}
}

@ARTICLE{ChristianoFisher:2000,
  author = {Lawrence J. Christiano and Jonas D.M. Fisher},
  title = {Algorithms for Solving Dynamic Models with Occasionally Binding Constraints},
  journal = {Journal of Economic Dynamics and Control},
  year = {2000},
  volume = {24},
  pages = {1179-1232},
  number = {8},
  month = {July}
}

@ARTICLE{EvansPhillips:2014,
  author = {Richard W. Evans and Kerk L. Phillips},
  title = {OLG Life Cycle Model Transition Paths: Alternate Model Forecast Method},
  journal = {Computational Economics},
  year = {2014},
  volume = {43},
  number = {1},
  pages = {105-131},
  month = {January},
}

@ARTICLE{VillaverdeRamirez:2006,
  author = {Jes\'{u}s Fern\'{a}ndez-Villaverde and Juan F. Rubio-Ram\'{i}rez},
  title = {Solving DSGE Models with Perturbation Methods and a Change of Variables},
  journal = {Journal of Economic Dynamics and Control},
  year = {2006},
  volume = {30},
  pages = {2509-2531},
  number = {12},
  month = {December}
}

@ARTICLE{FusterLaibsonMendel:2010,
  author = {Andreas Fuster and David Laibson and Brock Mendel},
  title = {Natural Expectations and Macroeconomic Fluctuations},
  journal = {Journal of Economic Perspectives},
  year = {2010},
  volume = {24},
  pages = {67-84},
  number = {4},
  month = {Fall}
}

@ARTICLE{GhiglinoShell:2003,
  author = {Christian Ghiglino and Karl Shell},
  title = {The Economic Effects of Restrictions on Government Budget Deficits:
	Imperfect Private Credit Markets},
  journal = {Economic Theory},
  year = {2003},
  volume = {21},
  pages = {399-421},
  number = {2/3}
}

@TECHREPORT{GustmanSteinmeier:2008,
  author = {Alan L. Gustman and Thomas Steinmeier},
  title = {How Changes in Social Security Affect Recent Retirement Trends},
  institution = {National Bureau of Economic Research},
  year = {2008},
  type = {{NBER} Working Paper},
  number = {14105},
  month = {June}
}

@ARTICLE{HuangLiuZha:2009,
  author = {Kevin X. D. Huang and Zheng Liu and Tao Zha},
  title = {Learning, Adaptive Expectations, and Technology Shocks},
  journal = {The Economic Journal},
  year = {2009},
  volume = {119},
  pages = {377-405},
  number = {536},
  month = {March}
}

@ARTICLE{JuddMaliarMaliar:2011,
  author = {Kenneth L. Judd and Lilia Maliar and Serguei Maliar},
  title = {Numerically Stable and Accurate Stochastic Simulation Approaches
	for Solving Dynamic Economic Models},
  journal = {Quantitative Economics},
  year = {2011},
  volume = {2},
  pages = {173-210},
  number = {2},
  month = {July}
}

@ARTICLE{KruegerKubler:2004,
  author = {Dirk Krueger and Felix Kubler},
  title = {Computing Equilibrium in OLG Models with Stochastic Production},
  journal = {Journal of Economic Dynamics and Control},
  year = {2004},
  volume = {28},
  pages = {1411-1436},
  number = {7},
  month = {April}
}

@ARTICLE{KrusellRiosRull:1999,
  author = {Per Krusell and {Jos\'{e}-Victor} {R\'{i}os-Rull}},
  title = {On the Size of U.S. Government: Political Economy in the Neoclassical
	Growth Model},
  journal = {American Economic Review},
  year = {1999},
  volume = {89},
  pages = {1156-1181},
  number = {5},
  month = {December}
}

@ARTICLE{KrusellSmith:1998,
  author = {Per Krusell and Smith, Jr., Anthony A.},
  title = {Income and Wealth Heterogeneity in the Macroeconomy},
  journal = {Journal of Political Economy},
  year = {1998},
  volume = {106},
  pages = {867-896},
  number = {5},
  month = {October}
}

@ARTICLE{LiLin:2008,
  author = {Jinlu Li and Shuanglin Lin},
  title = {Existence and Uniqueness of Steady-state Equilibrium in a Two-sector
	Overlapping Generations Model},
  journal = {Journal of Economic Theory},
  year = {2008},
  volume = {141},
  pages = {255-275},
  number = {1},
  month = {July}
}

@ARTICLE{MankiwReis:2002,
  author = {N. Gregory Mankiw and Ricardo Reis},
  title = {Sticky Information versus Sticky Prices: A Proposal to Replace the
	New Keynesian Phillips Curve},
  journal = {Quarterly Journal of Economics},
  year = {2002},
  volume = {117},
  pages = {1295-1328},
  number = {4},
  month = {November}
}

@ARTICLE{MichelDeLaCroix:2000,
  author = {Philippe Michel and David {de la Croix}},
  title = {Myopic and Perfect Foresight in the OLg Model},
  journal = {Economics Letters},
  year = {2000},
  volume = {67},
  pages = {53-60},
  number = {1},
  month = {April}
}

@ARTICLE{NVSR:2014,
  AUTHOR = {Brady E. Hamilton and Joyce A. Martin and Michelle J.K. Osterman and Sally C. Curtin},
  TITLE = {Births: Preliminary Data for 2013},
  JOURNAL = {National vital Statistics Reports},
  YEAR = {2014},
  volume = {63},
  number = {2},
  pages = {467-482},
  month = {December},
}

@TECHREPORT{Nishiyama:2004,
  author = {Shinichi Nishiyama},
  title = {Analyzing an Aging Population---A Dynamic General Equilibrium Approach},
  institution = {Congressional Budget Office},
  year = {2004},
  type = {Technical Paper Series},
  number = {2004-03},
  month = {February}
}

@TECHREPORT{Nishiyama:2003,
  author = {Nishiyama, S.},
  title = {Analyzing Tax Policy Changes Using a Stochastic OLG Model with Heterogeneous
	Households},
  institution = {Congressional Budget Office},
  year = {2003},
  type = {Technical Paper Series},
  number = {2003-12},
  month = {December},
  owner = {Evan},
  timestamp = {2014.07.11}
}

@ARTICLE{NishiyamaSmetters:2007,
  author = {Shinichi Nishiyama and Kent Smetters},
  title = {Does Social Security Privatization Produce Efficiency Gains?},
  journal = {Quarterly Journal of Economics},
  year = {2007},
  volume = {122},
  pages = {1677-1719},
  number = {4},
  month = {November}
}

@ARTICLE{Samuelson:1958,
  author = {Paul A. Samuelson},
  title = {An Exact Consumption-Loan Model of Interest With or Without the Social
	Contrivance of Money},
  journal = {Journal of Political Economy},
  year = {1958},
  volume = {66},
  pages = {467-482},
  number = {6},
  month = {December}
}

@ARTICLE{Sims:2003,
  author = {Christopher A. Sims},
  title = {Implications of Rational Inattention},
  journal = {Journal of Monetary Economics},
  year = {2003},
  volume = {50},
  pages = {665-690},
  number = {3},
  month = {April}
}

@TECHREPORT{SocSec:2010,
  AUTHOR = {{Social Security Administration}},
  TITLE = {Actuarial Life Table},
  INSTITUTION = {U.S. Social Security Administration},
  YEAR = {2010},
}

@INCOLLECTION{Solow:2006,
  author = {Robert M. Solow},
  title = {Overlapping Generations},
  booktitle = {Samuelsonian Economics and the Twenty-First Century},
  publisher = {Oxford University Press},
  year = {2006},
  editor = {Michael Szenberg and Lall Ramrattan and Aron A. Gottesman},
  pages = {34-41}
}

@BOOK{StokeyLucas:1989,
  title = {Recursive Methods in Economic Dynamics},
  publisher = {Harvard University Press},
  year = {1989},
  author = {Nancy L. Stokey and Lucas, Jr., Robert E.}
}

@ARTICLE{TaylorUhlig:1990,
  author = {John B. Taylor and Harald Uhlig},
  title = {Solving Nonlinear Stochastic Growth Models: A Comparison of Alternative
	Solution Methods},
  journal = {Journal of Business and Economic Statistics},
  year = {1990},
  volume = {8},
  pages = {1-17},
  number = {1},
  month = {January}
}

@INCOLLECTION{Uhlig:1999,
  author = {Harald Uhlig},
  title = {A Toolkit for Analyzing Nonlinear Dynamic Stochastic Models Easily},
  booktitle = {Computational Methods for the Study of Dynamic Economies},
  publisher = {Oxford University Press, New York},
  year = {1999},
  editor = {Ramon Marimon and Andrew Scott},
  pages = {30-61}
}

@ARTICLE{Weil:2008,
  author = {Philippe Weil},
  title = {Overlapping Generations: The First Jubilee},
  journal = {Journal of Economic Perspectives},
  year = {2008},
  volume = {22},
  pages = {115-134},
  number = {4},
  month = {Fall}
}

@ARTICLE{Wendner:2004,
  author = {Ronald Wendner},
  title = {Existence, Uniqueness, and Stability of Equilibrium in an OLG Economy},
  journal = {Economic Theory},
  year = {2004},
  volume = {23},
  pages = {165-174},
  number = {1},
  month = {January}
}

@UNPUBLISHED{Williams:2003,
  author = {Noah Williams},
  title = {Adaptive Learning and Business Cycles},
  note = {mimeo},
  month = {January},
  year = {2003}
}

